<?xml version="1.0" encoding="UTF-8"?><record xmlns="http://www.loc.gov/MARC21/slim" xmlns:cinclude="http://apache.org/cocoon/include/1.0" xmlns:zs="http://www.loc.gov/zing/srw/">
  <leader>00473cz  a2200133n  4500</leader>
  <controlfield tag="001">n  96053368 </controlfield>
  <controlfield tag="003">DLC</controlfield>
  <controlfield tag="005">19970131104558.2</controlfield>
  <controlfield tag="008">960530n| acannaab|          |n aaa |||  </controlfield>
  <datafield tag="010" ind1=" " ind2=" ">
    <subfield code="a">n  96053368 </subfield>
    <subfield code="z">n  96066100 </subfield>
  </datafield>
  <datafield tag="040" ind1=" " ind2=" ">
    <subfield code="a">DLC</subfield>
    <subfield code="c">DLC</subfield>
    <subfield code="d">DLC</subfield>
  </datafield>
  <datafield tag="100" ind1="1" ind2="0">
    <subfield code="a">Meyer, Scott A.,</subfield>
    <subfield code="d">1961-</subfield>
  </datafield>
  <datafield tag="670" ind1=" " ind2=" ">
    <subfield code="a">100 jobs in words, 1996:</subfield>
    <subfield code="b">CIP t.p. (Scott Meyer) introd. (signed Scott A. Meyer) bk. t.p. (Scott A. Meyer)</subfield>
  </datafield>
  <datafield tag="670" ind1=" " ind2=" ">
    <subfield code="a">Phone call to Macmillan, New York, 05-30-96</subfield>
    <subfield code="b">(Scott Meyer, b. 11-27-61)</subfield>
  </datafield>
</record>